@book{martinloef84,
title="Intuitionistic Type Theory",
author={Per Martin-L\"of},
subtitle={Notes by Giovanni Sambin of a Series of Lectures given in Padua, June 1980},
publisher="Bibliopolis",
address="Napoli",
year=1984}

@article{curry34,
author="Haskell Curry",
title="Functionality in combinatory logic",
journal={{Proceedings of the
National Academy of Science}},
volume=20,
pages="584--590",
year="1934"}

@article{fortune+83,
  author    = {Steven Fortune and
               Daniel Leivant and
               Michael O'Donnell},
  title     = {{The Expressiveness of Simple and Second-Order Type Structures}},
  journal   = {J. {ACM}},
  volume    = {30},
  number    = {1},
  pages     = {151--185},
  year      = {1983},
  url       = {http://doi.acm.org/10.1145/322358.322370},
  doi       = {10.1145/322358.322370},
  timestamp = {Thu, 26 Jan 2012 17:31:32 +0100},
  biburl    = {http://dblp.uni-trier.de/rec/bib/journals/jacm/FortuneLO83},
  bibsource = {dblp computer science bibliography, http://dblp.org}
}

@inbook{parsons1992,
author="Charles Parsons",
title="The Impredicativity of Induction",
booktitle={{Proof, Logic, and Formalization}},
editor="Michael Detlefsen",
year=1992,
publisher="Routledge"}

@inbook{howard80,
author="William Howard",
title="The formulae-as-types notion of construction",
booktitle={{To H. B. Curry: Essays on Combinatory Logic, Lambda Calculus,
and Formalism}},
pages="479--491",
publisher="Academic Press",
year="1980"}

@incollection{barendregt93,
 author = {Barendregt, H. P.},
 title = {{Lambda Calculi with Types}},
 booktitle = {Handbook of Logic in Computer Science (Vol. 2)},
 editor = {Abramsky, S. and Gabbay, Dov M. and Maibaum, S. E.},
 year = {1992},
 isbn = {0-19-853761-1},
 pages = {117--309},
 publisher = {Oxford University Press, Inc.},
 address = {New York, NY, USA},
}

@article{coq88,
 author = {T. Coquand and G. Huet},
 title = {{The Calculus of Constructions}},
 journal = {Information and Computation},
 volume = {76},
 number = {2-3},
 year = {1988},
 pages = "95--120"
}

@inproceedings{geuvers01,
  author    = {Herman Geuvers},
  title     = {{Induction Is Not Derivable in Second Order Dependent Type
               Theory}},
  booktitle = {Typed Lambda Calculi and Applications (TLCA)},
  publisher = "Springer",
  series = {Lecture Notes in Computer Science},
  volume="2044",
  editor={Abramsky, Samson},
  year      = {2001},
  pages     = {166-181},
}

@inproceedings{coquand+88,
  author    = {Thierry Coquand and
               Christine Paulin},
  title     = {Inductively defined types},
  booktitle = {COLOG-88, International Conference on Computer Logic},
  pages     = {50--66},
  year      = {1988},
  editor    = {Per Martin{-}L{\"{o}}f and
               Grigori Mints},
}

@phdthesis{girard72,                  
author="Jean-Yves Girard",
title={{Interpr\'{e}tation fonctionelle et \'{e}limination des coupures dans l'arithm\'{e}tique d'ordre sup\'{e}rieur}},
year=1972,
type={{Th\`{e}se do doctorat d'\'{e}tat}},
school={{Universit\'{e} Paris VII}}}

@phdthesis{werner94,
  TITLE = {{Une Th{\'e}orie des Constructions Inductives}},
  AUTHOR = {Werner, Benjamin},
  URL = {https://tel.archives-ouvertes.fr/tel-00196524},
  SCHOOL = {{Universit{\'e} Paris-Diderot - Paris VII}},
  YEAR = {1994},
}
                  
@misc{chlipala18,
author="Adam Chlipala",
date="2018-06-06",                  
year=2018,
howpublished="personal communication"}

@inproceedings{pfenning+89,
  author    = {Frank Pfenning and
               Christine Paulin{-}Mohring},
  title     = {{Inductively Defined Types in the Calculus of Constructions}},
  booktitle = {Mathematical Foundations of Programming Semantics, 5th International
               Conference},
  pages     = {209--228},
  year      = {1989},
  editor    = {Michael G. Main and
               Austin Melton and
               Michael W. Mislove and
               David A. Schmidt},
}

                  @article{washburn08,
  author    = {Geoffrey Washburn and
               Stephanie Weirich},
  title     = {Boxes go bananas: {E}ncoding higher-order abstract syntax with parametric
               polymorphism},
  journal   = {J. Funct. Program.},
  volume    = {18},
  number    = {1},
  pages     = {87--140},
  year      = {2008},
}

@Manual{coq,
  title =        {The Coq proof assistant reference manual},
  author =       {\mbox{The Coq development team}},
  organization = {LogiCal Project},
  note =         {Version 8.7.2},
  year =         {2018},
  url =          "http://coq.inria.fr"
}


@inproceedings{altenkirch+10,
  author    = {Thorsten Altenkirch and
               Nils Anders Danielsson and
               Andres L{\"{o}}h and
               Nicolas Oury},
  title     = {{PiSigma: Dependent Types without the Sugar}},
  booktitle = {Functional and Logic Programming, 10th International Symposium (FLOPS)},
  pages     = {40--55},
  year      = {2010},
  editor    = {Matthias Blume and
               Naoki Kobayashi and
               Germ{\'{a}}n Vidal},
  series    = {Lecture Notes in Computer Science},
  volume    = {6009},
  publisher = {Springer},
}

@inproceedings{chapman+10,
  author    = {James Chapman and
               Pierre{-}{\'{E}}variste Dagand and
               Conor McBride and
               Peter Morris},
  title     = {The gentle art of levitation},
  booktitle = {Proceeding of the 15th {ACM} {SIGPLAN} international conference on
               Functional programming (ICFP)},
  pages     = {3--14},
  editor    = {Paul Hudak and
               Stephanie Weirich},
  publisher = {{ACM}},
  year      = {2010},
}

@inproceedings{kopylov03,
  author    = {Alexei Kopylov},
  title     = {Dependent Intersection: {A} New Way of Defining Records in Type Theory},
  booktitle = {18th {IEEE} Symposium on Logic in Computer Science {(LICS)}},
  pages     = {86--95},
  year      = {2003},
}

@book{barendregt+13,
  author    = {Hendrik Pieter Barendregt and
               Wil Dekkers and
               Richard Statman},
  title     = {{Lambda Calculus with Types}},
  series    = {Perspectives in logic},
  publisher = {Cambridge University Press},
  year      = {2013},
}

@incollection{miquel01,
year={2001},
booktitle={{Typed Lambda Calculi and Applications}},
editor={Abramsky, Samson},
title={{The Implicit Calculus of Constructions Extending Pure Type Systems with an Intersection Type Binder and Subtyping}},
author={Miquel, Alexandre},
publisher="Springer",
volume="2044",
series="Lecture Notes in Computer Science",
pages={344-359},
}

@INPROCEEDINGS{leivant83, 
 author={Leivant, Daniel}, 
 booktitle={24th Annual Symposium on Foundations of Computer Science (FOCS)}, 
 title={Reasoning about functional programs and complexity classes associated with type disciplines}, 
 publisher = {{IEEE} Computer Society},
 year={1983}, 
 pages={460-469} }

@inproceedings{mcbride02,
  author    = {Conor McBride},
  title     = {{Elimination with a Motive}},
  booktitle = {Types for Proofs and Programs, International Workshop, {TYPES} 2000,
               Durham, UK, December 8-12, 2000, Selected Papers},
  pages     = {197--216},
  editor    = {Paul Callaghan and
               Zhaohui Luo and
               James McKinna and
               Robert Pollack},
  series    = {Lecture Notes in Computer Science},
  volume    = {2277},
  publisher = {Springer},
  year      = {2002},
}

@article{pierce+00,
  author    = {Benjamin C. Pierce and
               David N. Turner},
  title     = {Local type inference},
  journal   = {{ACM} Trans. Program. Lang. Syst.},
  volume    = {22},
  number    = {1},
  pages     = {1--44},
  year      = {2000},
}

@incollection{parigot88,
year={1988},
booktitle={{European Symposium On Programming (ESOP)}},
volume={300},
series={Lecture Notes in Computer Science},
publisher = {Springer},
editor={Ganzinger, H.},
title={Programming with proofs: a second order type theory},
author={Parigot, Michel},
pages={145-159},
}

@article{stumpfu16,
title = "Efficiency of lambda-encodings in total type theory",
publisher = "Cambridge University Press",
address = "Cambridge, UK",
author = "Aaron Stump and Peng Fu",
volume = "26",
year = "2016",
month = "003",
day = "10",
journal = "Journal of Functional Programming"
}

@article{barras10,
  author    = {Bruno Barras},
  title     = {{Sets in Coq, Coq in Sets}},
  journal   = {J. Formalized Reasoning},
  volume    = {3},
  number    = {1},
  pages     = {29--48},
  year      = {2010},
  url       = {http://dx.doi.org/10.6092/issn.1972-5787/1695},
  doi       = {10.6092/issn.1972-5787/1695},
  timestamp = {Mon, 13 Jan 2014 12:51:53 +0100},
  biburl    = {http://dblp.uni-trier.de/rec/bib/journals/jfrea/Barras10},
  bibsource = {dblp computer science bibliography, http://dblp.org}
}

@inproceedings{altenkirch+16,
  author    = {Thorsten Altenkirch and
               Ambrus Kaposi},
  title     = {Type theory in type theory using quotient inductive types},
  booktitle = {Proceedings of the 43rd Annual {ACM} {SIGPLAN-SIGACT} Symposium on
               Principles of Programming Languages {(POPL)}},
  pages     = {18--29},
  year      = {2016},
  editor    = {Rastislav Bod{\'{\i}}k and
               Rupak Majumdar},
  publisher = {{ACM}},
}

@article{chapman09,
  author    = {James Chapman},
  title     = {{Type Theory Should Eat Itself}},
  journal   = {Electr. Notes Theor. Comput. Sci.},
  volume    = {228},
  pages     = {21--36},
  year      = {2009},
}


@Manual{agda,
  title =        {Agda},
  author =       {\mbox{The Agda development team}},
  note =         {Version 2.5.4},
  year =         {2018},
  url =          "http://wiki.portal.chalmers.se/agda/pmwiki.php"
}

@article{mogensen92,
  author    = {Torben {\AE}. Mogensen},
  title     = {{Efficient Self-Interpretations in lambda Calculus}},
  journal   = {J. Funct. Program.},
  volume    = {2},
  number    = {3},
  pages     = {345--363},
  year      = {1992},
}

@article{dybjer00,
  author    = {Peter Dybjer},
  title     = {{A General Formulation of Simultaneous Inductive-Recursive Definitions
               in Type Theory}},
  journal   = {J. Symb. Log.},
  volume    = {65},
  number    = {2},
  pages     = {525--549},
  year      = {2000},
}

@inproceedings{altenkirch+11,
  author    = {Thorsten Altenkirch and
               Peter Morris and
               Fredrik Nordvall Forsberg and
               Anton Setzer},
  title     = {{A Categorical Semantics for Inductive-Inductive Definitions}},
  booktitle = {Algebra and Coalgebra in Computer Science - 4th International Conference,
               {(CALCO)}},
  pages     = {70--84},
  year      = {2011},
  editor    = {Andrea Corradini and
               Bartek Klin and
               Corina C{\^{\i}}rstea},
  series    = {Lecture Notes in Computer Science},
  volume    = {6859},
  publisher = {Springer},
}

@article{stump17,
  author    = {Aaron Stump},
  title     = {{The Calculus of Dependent Lambda Eliminations}},
  journal   = {J. Funct. Program.},
  volume    = {27},
  pages     = {e14},
  year      = {2017},
}

@misc{stump18,
  author    = {Aaron Stump},
  title     = {{From Realizability to Induction via Dependent Intersection}},
  journal   = {Annals of Pure and Applied Logic},
  year      = {2018},
  note      = "in press"                 
}

@article{atkey+14,
 author = {Atkey, Robert and Ghani, Neil and Johann, Patricia},
 title = {{A Relationally Parametric Model of Dependent Type Theory}},
 journal = {SIGPLAN Not.},
 issue_date = {January 2014},
 volume = {49},
 number = {1},
 month = jan,
 year = {2014},
 pages = {503--515},
 publisher = {ACM},
 address = {New York, NY, USA},
}

@inproceedings{ghani+10,
  author    = {Neil Ghani and
               Patricia Johann and
               Cl{\'{e}}ment Fumex},
  title     = {{Fibrational Induction Rules for Initial Algebras}},
  booktitle = {Computer Science Logic, 24th International Workshop (CSL)},
  pages     = {336--350},
  year      = {2010},
  editor    = {Anuj Dawar and
               Helmut Veith},
  series    = {Lecture Notes in Computer Science},
  volume    = {6247},
  publisher = {Springer},
}



@inproceedings{krishnaswami+13,
  author    = {Neelakantan R. Krishnaswami and
               Derek Dreyer},
  title     = {{Internalizing Relational Parametricity in the Extensional Calculus
               of Constructions}},
  booktitle = {Computer Science Logic 2013 (CSL)},
  pages     = {432--451},
  year      = {2013},
  editor    = {Simona Ronchi Della Rocca},
  series    = {LIPIcs},
  volume    = {23},
  publisher = {Schloss Dagstuhl - Leibniz-Zentrum fuer Informatik},
}
                  
@inproceedings{hickey03,
author={Jason Hickey},
title={{Formal Objects in Type Theory Using Very Dependent Types}},
booktitle={{Foundations of Object-Oriented Languages (FOOL) 3}},
year=2003,
note={{Available from the NuPrl website, \url{www.nuprl.org}}}}

@inproceedings{firsov18,
author={Denis Firsov and Aaron Stump},
title={{Generic Derivation of Induction for Impredicative Encodings in Cedille}},
booktitle={{Certified Programs and Proofs (CPP)}},
year=2018,
editor={June Andronick and Amy Felty}}

@article{appel1976,
author = "Appel, K. and Haken, W.",
journal = "Bulletin of the American Mathematical Society",
month = "09",
number = "5",
pages = "711--712",
publisher = "American Mathematical Society",
title = "Every planar map is four colorable",
volume = "82",
year = "1976"
}

@article{gonthier08,
author={Georges Gonthier},
title={{Formal Proof -- The Four-Color Theorem}},
journal="Notices of the American Mathematical Society",
volume="55",
number="11",
year="2008",
pages="1382--1393"}

@book{martinlof84,                  
author={Per Martin-L{\"o}f},
title={{Intuitionistic Type Theory}},
note={{Notes by Giovanni Sambin of a Series of Lectures given in Padua, June 1980}},
publisher="Bibliopolis",
location="Napoli",
year="1984"}

@techreport{debruijn68,
author = {N. G. de Bruijn},
title={{AUTOMATH, a language for mathematics}},
institution={{Department of Mathematics, Eindhoven University of Technology}},
year="1968",
number="T.H. Report 66-WSK-05"}


@inproceedings{Dybjer95,
  author    = {Peter Dybjer},
  title     = {Internal Type Theory},
  booktitle = {Types for Proofs and Programs, International Workshop TYPES'95, Torino,
               Italy, June 5-8, 1995, Selected Papers},
  pages     = {120--134},
  editor    = {Stefano Berardi and
               Mario Coppo},
  series    = {Lecture Notes in Computer Science},
  volume    = {1158},
  publisher = {Springer},
  year      = {1996},
}
                  
                  

@book{girard89,
 author = {Girard, Jean-Yves and Taylor, Paul and Lafont, Yves},
 title = {Proofs and Types},
 year = {1989},
 isbn = {0-521-37181-3},
 publisher = {Cambridge University Press},
 address = {New York, NY, USA},
} 

@article{feferman98,
author="Solomon Feferman",
title={{In the Light of Logic}},
year="1998",
publisher={Oxford University Press},
isbn={0195359836}}

@InCollection{tennant17,
	author       =	{Tennant, Neil},
	title        =	{Logicism and Neologicism},
	booktitle    =	{The Stanford Encyclopedia of Philosophy},
	editor       =	{Edward N. Zalta},
	howpublished =	{\url{https://plato.stanford.edu/archives/win2017/entries/logicism/}},
	year         =	{2017},
	edition      =	{Winter 2017},
	publisher    =	{Metaphysics Research Lab, Stanford University}
}

@incollection{tennant87,
author={Neil Tennant},
title={{Deriving Basic Laws of Arithmetic}},
chapter="25",
booktitle={{Anti-Realism and Logic: Truth as Eternal}},
year=1987,
publisher="Oxford University Press"}

@article{swierstra17,
  author    = {Wouter Swierstra and
               Peter Dybjer},
  title     = {{Special issue on Programming with Dependent Types Editorial}},
  journal   = {J. Funct. Program.},
  volume    = {27},
  pages     = {e15},
  year      = {2017},
}

@article{pimentel12,
  author    = {Elaine Pimentel and
               Simona Ronchi Della Rocca and
               Luca Roversi},
  title     = {{Intersection Types from a Proof-theoretic Perspective}},
  journal   = {Fundam. Inform.},
  volume    = {121},
  number    = {1-4},
  pages     = {253--274},
  year      = {2012},
}

@inproceedings{reynolds74,
  author    = {John C. Reynolds},
  title     = {Towards a theory of type structure},
  booktitle = {Programming Symposium, Proceedings Colloque sur la Programmation,
               Paris, France, April 9-11, 1974},
  pages     = {408--423},
  year      = {1974},
  editor    = {Bernard Robinet},
  series    = {Lecture Notes in Computer Science},
  volume    = {19},
  publisher = {Springer},
}

@article{wadler2007,
title = "The Girard–Reynolds isomorphism (second edition)",
journal = "Theoretical Computer Science",
volume = "375",
number = "1",
pages = "201 - 226",
year = "2007",
note = "Festschrift for John C. Reynolds’s 70th birthday",
author = "Philip Wadler",
}

@inproceedings{koopman+14,
author={Pieter Koopman and Rinus Plasmeijer and Jan Martin Jansen},
title={{Church Encoding of Data Types Considered Harmful for Implementations}},
booktitle={{26th Symposium on Implementation and Application of Functional Languages (IFL)}},
editor={Rinus Plasmeijer and Sam Tobin-Hochstadt},
year=2014}

@book{nederpelt14,
 author = {Nederpelt, Rob and Geuvers, Herman},
 title = {{Type Theory and Formal Proof: An Introduction}},
 year = {2014},
 edition = {1st},
 publisher = {Cambridge University Press},
}

@article{setzer98,
  author    = {Anton Setzer},
  title     = {{Well-Ordering Proofs for Martin-L{\"{o}}f Type Theory}},
  journal   = {Ann. Pure Appl. Logic},
  volume    = {92},
  number    = {2},
  pages     = {113--159},
  year      = {1998},
}

@Article{Rathjen2005,
author="Rathjen, Michael",
title="An ordinal analysis of parameter free $\Pi$12-comprehension",
journal="Archive for Mathematical Logic",
year="2005",
month="Apr",
day="01",
volume="44",
number="3",
pages="263--362"
}

@article{rathjen1995,
title={{Recent Advances in Ordinal Analysis: $\Pi 1 2$ — CA and Related Systems}},
volume={1},
number={4},
journal={Bulletin of Symbolic Logic},
publisher={Cambridge University Press},
author={Rathjen, Michael},
year={1995},
pages={468–485}}

@inproceedings{pfenning88,
  author    = {Frank Pfenning and
               Conal Elliott},
  title     = {{Higher-Order Abstract Syntax}},
  booktitle = {Proceedings of the {ACM} SIGPLAN'88 Conference on Programming Language
               Design and Implementation (PLDI), Atlanta, Georgia, USA, June 22-24,
               1988},
  pages     = {199--208},
  year      = {1988},
  editor    = {Richard L. Wexelblat},
  publisher = {{ACM}},
}


@misc{firsov18b,
author="Denis Firsov and Richard Blair and Aaron Stump",
title={{Efficient Mendler-Style Lambda-Encodings in Cedille}},
year=2018,
note="Under review as of March 16, 2018"}

@article{matthes02,
  author    = {Ralph Matthes},
  title     = {Tarski's Fixed-Point Theorem And Lambda Calculi With Monotone Inductive
               Types},
  journal   = {Synthese},
  volume    = {133},
  number    = {1-2},
  pages     = {107--129},
  year      = {2002},
}

@inproceedings{pedrot18,
author="Pierre-Marie P{\'e}drot and Nicolas Tabareau",
title={{Failure is Not an Option}},
booktitle={{European Symposium on Programming (ESOP)}},
year="2018",
editor="Amal Ahmed"}

@inproceedings{matthes98,
  author    = {Ralph Matthes},
  title     = {{Monotone Fixed-Point Types and Strong Normalization}},
  booktitle = {Computer Science Logic, 12th International Workshop, {CSL} '98, Annual
               Conference of the EACSL, Brno, Czech Republic, August 24-28, 1998,
               Proceedings},
  pages     = {298--312},
  year      = {1999},
  editor    = {Georg Gottlob and
               Etienne Grandjean and
               Katrin Seyr},
  series    = {Lecture Notes in Computer Science},
  volume    = {1584},
  publisher = {Springer},
}

@InProceedings{pientka15,
author="Pientka, Brigitte and Cave, Andrew",
editor="Felty, Amy and Middeldorp, Aart",
title={{Inductive Beluga: Programming Proofs}},
booktitle="International Conference on Automated Deduction (CADE)",
year="2015",
publisher="Springer International Publishing",
pages="272--281",
}

@book{constable+86,
  author    = {Robert L. Constable and
               Stuart F. Allen and
               Mark Bromley and
               Rance Cleaveland and
               J. F. Cremer and
               R. W. Harper and
               Douglas J. Howe and
               Todd B. Knoblock and
               N. P. Mendler and
               Prakash Panangaden and
               James T. Sasaki and
               Scott F. Smith},
  title     = {Implementing mathematics with the Nuprl proof development system},
  publisher = {Prentice Hall},
  year      = {1986},
}


@inproceedings{mishraLinger08,
  author    = {Nathan Mishra{-}Linger and
               Tim Sheard},
  title     = {{Erasure and Polymorphism in Pure Type Systems}},
  booktitle = {Foundations of Software Science and Computational Structures, 11th
               International Conference, {FOSSACS} 2008, Held as Part of the Joint
               European Conferences on Theory and Practice of Software, {ETAPS} 2008,
               Budapest, Hungary, March 29 - April 6, 2008. Proceedings},
  pages     = {350--364},
  year      = {2008},
  editor    = {Roberto M. Amadio},
  series    = {Lecture Notes in Computer Science},
  volume    = {4962},
  publisher = {Springer},
}

@inproceedings{geuvers92,
  author    = {Herman Geuvers},
  title     = {{The Church-Rosser Property for beta-eta-reduction in Typed lambda-Calculi}},
  booktitle = {Proceedings of the Seventh Annual Symposium on Logic in Computer Science
               {(LICS} '92), Santa Cruz, California, USA, June 22-25, 1992},
  pages     = {453--460},
  year      = {1992},
  publisher = {{IEEE} Computer Society},
}

@InCollection{dybjer16,
	author       =	{Dybjer, Peter and Palmgren, Erik},
	title        =	{{Intuitionistic Type Theory}},
	booktitle    =	{The Stanford Encyclopedia of Philosophy},
	editor       =	{Edward N. Zalta},
	howpublished =	{\url{https://plato.stanford.edu/archives/win2016/entries/type-theory-intuitionistic/}},
	year         =	{2016},
	edition      =	{Winter 2016},
	publisher    =	{Metaphysics Research Lab, Stanford University}
}

@misc{dreyer18,                  
title={{The Type Soundness Theorem That You Really Want to Prove (and Now You Can)}},
howpublished="Milner Award Lecture, delivered at Principles of Programming Languages (POPL)",
year=2018,
author="Derek Dreyer"}

@inproceedings{matthes01,
  author    = {Ralph Matthes},
  title     = {{Monotone Inductive and Coinductive Constructors of Rank 2}},
  booktitle = {Computer Science Logic, 15th International Workshop, {CSL} 2001. 10th
               Annual Conference of the EACSL, Paris, France, September 10-13, 2001,
               Proceedings},
  pages     = {600--614},
  year      = {2001},
  editor    = {Laurent Fribourg},
  series    = {Lecture Notes in Computer Science},
  volume    = {2142},
  publisher = {Springer},
}
                  
@article{peytonjones07,
 author = {Peyton Jones, Simon and Vytiniotis, Dimitrios and Weirich, Stephanie and Shields, Mark},
 title = {{Practical Type Inference for Arbitrary-rank Types}},
 journal = {J. Funct. Program.},
 issue_date = {January 2007},
 volume = {17},
 number = {1},
 month = jan,
 year = {2007},
 pages = {1--82},
 publisher = {Cambridge University Press},
}

@article{breitner+16,
  author    = {Joachim Breitner and
               Richard A. Eisenberg and
               Simon Peyton Jones and
               Stephanie Weirich},
  title     = {Safe zero-cost coercions for {H}askell},
  journal   = {J. Funct. Program.},
  volume    = {26},
  pages     = {e15},
  year      = {2016},
}

@article{lassez82,
title = "Fixed point theorems and semantics: a folk tale",
journal = "Information Processing Letters",
volume = "14",
number = "3",
pages = "112 -- 116",
year = "1982",
author = "J.-L. Lassez and V.L. Nguyen and E.A. Sonenberg",
}

@article{tarski55,
author="Alfred Tarski",
year="1955",
pages="285--309",
title="A lattice-theoretical fixpoint theorem and its applications",
journal="Pacific Journal of Mathematics",
volume=5,
number=2}

@incollection{barendregt01,
author="Henk Barendregt",
year=2001,
title={{Discriminating Coded Lambda Terms}},
booktitle={{Logic, Meaning, and Computation: Essays in Memory of Alonzo Church}},
series="Synthese Library",
volume=305,
editor="C. Anthony Anderson and Michael Zel{\"e}ny"}

@inproceedings{bohm94,
  author    = {Corrado B{\"{o}}hm and
               Adolfo Piperno and
               Stefano Guerrini},
  title     = {{Lambda-Definition of Function(al)s by Normal Forms}},
  booktitle = {Programming Languages and Systems - ESOP'94, 5th European Symposium
               on Programming, Edinburgh, U.K., April 11-13, 1994, Proceedings},
  pages     = {135--149},
  year      = {1994},
  editor    = {Donald Sannella},
  volume    = {788},
  publisher = {Springer},
  year      = {1994},
}

@book{bird97,
  author    = {Richard S. Bird and
               Oege de Moor},
  title     = {Algebra of programming},
  series    = {Prentice Hall International series in computer science},
  publisher = {Prentice Hall},
  year      = {1997},
}

@article{uustalu99,
 author = {Uustalu, Tarmo and Vene, Varmo},
 title = {Mendler-style Inductive Types, Categorically},
 journal = {Nordic J. of Computing},
 issue_date = {Fall 1999},
 volume = {6},
 number = {3},
 month = sep,
 year = {1999},
 issn = {1236-6064},
 pages = {343--361},
 numpages = {19},
 acmid = {774462},
 publisher = {Publishing Association Nordic Journal of Computing},
 address = {Finland},
 keywords = {Mendler-style, categorical program calculation, inductive types, initial algebras, prefixed points, typed functional programming},
} 


@INPROCEEDINGS{hickey96,
    author = {Jason J. Hickey},
    title = {Formal objects in type theory using very dependent types},
    booktitle = {In Foundations of Object Oriented Languages (FOOL) 3},
    year = {1996}
}

@article{GP02:newapproach,
author = {Murdoch J. Gabbay and Andrew M. Pitts},
title = {A New Approach to Abstract Syntax with Variable Binding},
journal = {Formal Aspects of Computing},
year = {2001},
month = {July},
volume = {13},
number = {3—5},
pages = {341—363},
doi = {10.1007/s001650200016},
pdf = {http://www.gabbay.org.uk/papers/newaas-jv.pdf}
}

@INPROCEEDINGS{Norrish04,
    author = {Michael Norrish},
    title = {{Recursive Function Definition for Types with Binders}},
    booktitle = {In Seventeenth International Conference on Theorem Proving in Higher Order Logics},
    year = {2004},
    pages = {241--256}
}

@article{CopelloTSBF16,
  author    = {Ernesto Copello and
               Alvaro Tasistro and
               Nora Szasz and
               Ana Bove and
               Maribel Fern{\'{a}}ndez},
  title     = {Alpha-Structural Induction and Recursion for the Lambda Calculus in
               Constructive Type Theory},
  journal   = {Electr. Notes Theor. Comput. Sci.},
  volume    = {323},
  pages     = {109--124},
  year      = {2016},
  url       = {https://doi.org/10.1016/j.entcs.2016.06.008},
  doi       = {10.1016/j.entcs.2016.06.008},
  timestamp = {Sun, 28 May 2017 13:22:55 +0200},
  biburl    = {https://dblp.org/rec/bib/journals/entcs/CopelloTSBF16},
  bibsource = {dblp computer science bibliography, https://dblp.org}
}

@article{stoughton,
  author    = {A. Stoughton},
  title     = {Substitution Revisited},
  journal   = {Theor. Comput. Sci.},
  volume    = {59},
  year      = {1988},
  pages     = {317-325},
  ee        = {http://dx.doi.org/10.1016/0304-3975(88)90149-1},
  bibsource = {DBLP, http://dblp.uni-trier.de}
}

@inproceedings{DespeyrouxFH95,
  author = {Despeyroux, Joëlle and Felty, Amy P. and Hirschowitz, André},
  title = {{Higher-Order Abstract Syntax in Coq}},
  booktitle = {TLCA},
  description = {dblp},
  editor = {Dezani-Ciancaglini, Mariangiola and Plotkin, Gordon D.},
  pages = {124-138},
  publisher = {Springer},
  series = {Lecture Notes in Computer Science},
  volume = 902,
  year = 1995
}

@incollection{UrbanT05,
year={2005},
isbn={978-3-540-28005-7},
booktitle={Automated Deduction – CADE-20},
volume={3632},
series={Lecture Notes in Computer Science},
editor={Nieuwenhuis, Robert},
title={{Nominal Techniques in Isabelle/HOL}},
publisher={Springer Berlin Heidelberg},
keywords={Lambda-calculus; nominal logic; structural induction; theorem-assistants},
author={Urban, Christian and Tasson, Christine},
pages={38-53},
language={English}
}

@TECHREPORT{Despeyroux96,
    author = {Joëlle Despeyroux and Frank Pfenning and Carsten Schürmann},
    title = {Primitive recursion for higher order abstract syntax},
    institution = {Carnegie Mellon University},
    year = {1996}
}

@inproceedings{mccarthy62,
  author    = {John McCarthy},
  title     = {{Towards a Mathematical Science of Computation}},
  booktitle = {{IFIP} Congress},
  pages     = {21--28},
  year      = {1962},
}

@inproceedings{Kashima2000,
  title={{A Proof of the Standardization Theorem in {$\lambda$}-Calculus}},
  author={Ryo Kashima},
  year={2000},
  note={available from author's web page}
}

@misc{Pfe01_Lecture-Notes-on-Bidirectional-Type-Checking,
  author = {Pfenning, Frank},
  keywords = {type inference, bidirectional type inference},
  title = {Lecture notes on Bidirectional Typing},
  howpublished = {https://www.cs.cmu.edu/~fp/courses/15312-f04/handouts/15-bidirectional.pdf},
  month = {October},
  year = {2001},
}

@inproceedings{Kle65_Classical-Extensions-of-Intuitionistic-Mathematics,
  author = {Kleene, S.C.},
  title = {{Classical Extensions of Intuitionistic Mathematics}},
  year = {1965},
  booktitle = {LMPS 2},
  editor = {Bar-Hillel, Y.},
  publisher = {North-Holland Publishing Company},
  pages = {31--44},
  reviews = {JSL 40.508; MR 35#28 ; ZBL 192.30},
}

@article{BDPR79_Bohm-Algorithm,
  title = {A discrimination algorithm inside lambda-beta-calculus},
  journal = {Theoretical Computer Science},
  volume = {8},
  number = {3},
  pages = {271 - 291},
  year = {1979},
  issn = {0304-3975},
  doi = {https://doi.org/10.1016/0304-3975(79)90014-8},
  url = {http://www.sciencedirect.com/science/article/pii/0304397579900148},
  author = {C. Böhm and M. Dezani-Ciancaglini and P. Peretti and S.Ronchi Della Rocca},
  abstract = {A finite set {F1,…,Fn} of λ-terms is said to be discriminable if, given n arbitrary λ-terms X1,…,Xn, there exists a λ-term Δ such that: ΔFi ⩾ Xi for 1 ⩽ i ⩽ n. In the present paper each finite set of normal combinators which are pairwise non α-η-convertible is proved to be discriminable. Moreover a discrimination algorithm is given.},
}

@inproceedings{BB08_ICC-as-a-Programming-Language,
  author = {Bruno Barras and Bruno Bernardo},
  editor = {Roberto M. Amadio},
  title = {The Implicit Calculus of Constructions as a Programming Language with Dependent Types},
  booktitle = {Foundations of Software Science and Computational Structures, 11th International Conference, {FOSSACS} 2008, Held as Part of the Joint European Conferences on Theory and Practice of Software, {ETAPS} 2008, Budapest, Hungary, March 29 - April 6, 2008. Proceedings},
  series = {Lecture Notes in Computer Science},
  volume = {4962},
  pages = {365--379},
  publisher = {Springer},
  year = {2008},
  url = {https://doi.org/10.1007/978-3-540-78499-9\_26},
  doi = {10.1007/978-3-540-78499-9\_26},
  timestamp = {Tue, 14 May 2019 10:00:55 +0200},
  biburl = {https://dblp.org/rec/conf/fossacs/BarrasB08.bib},
  bibsource = {dblp computer science bibliography, https://dblp.org},
  keywords = {icc, subtyping, dependent types},
}
